@article{Herrlich__1974__Topological_Structures,
  title={Topological Structures},
  author={Herrlich, Horst},
  journal={Proceedings of the International Congress of Mathematicians},
  pages={63--66},
  year={1974},
}