@Book{Hartshorne:1977,
  author    = {Robin Hartshorne},
  title     = {Algebraic Geometry},
  series    = {Graduate Texts in Mathematics},
  volume    = {52},
  publisher = {Springer-Verlag},
  year      = {1977},
}

@Book{上野:2005,
  author    = {上野 健爾},
  yomi      = {うえの けんじ},
  title     = {代数幾何},
  publisher = {岩波書店},
  year      = {2005},
}