@article{arhangelskii_wiegandt--1975,
  author = {A. V. Arhangelskii and R. Wiegandt},
  title = {Connectedness and disconnectedness in topology},
  journal = {General Topology and its Applications},
  volume = {5},
  issue = {1},
  year = {April 1975},
  pages = {9--33}
}
@phdthesis{boerger--1981,
  author = {R. B\"{o}rger},
  school = {Fernuniversit\"{a}t Hagen},
  title = {Kategorielle Baschreibungen von Zusammenhangsbegriffen},
  year = {1981}
}
@book{herrlich--1968,
  author = {H. Herrlich},
  editor = {},
  publisher = {Springer Berlin, Heidelberg},
  title = {Topologische Reflexionen und Coreflexionen},
  year = {1968}
}
@article{herrlich_salicrup--1979,
  author = {H. Herrlich,G. Salicrup, R. V\'{e}zquez},
  journal = {Quaestiones Mathematicae},
  title = {Light Factorization Structures},
  volume = {3},
  issue = {3},
  year = {1979}
}
@phdthesis{hoffmann--1968,
  author = {R. E. Hoffmann},
  school = {Ruhr-Universit\"{a}t Bochum},
  title = {Die kategorielle Auffassung der Initial-und Final topologie},
  year = {1968}
}
@phdthesis{preuss--1967,
  author = {G. Preu\ss},
  school = {Berlin},
  title = {\"{U}ber den E-Zusammenhang und seine Lokalisation},
  year = {1967}
}
@misc{salicrup--1980,
  author = {G. Salicrup},
  howpublished = {preprint, Mexico City},
  title = {Local monocorefletivity in categories},
  year = {1980}
}
@article{salicrup_vazquez--1972,
  title={Categorias de connexion},
  author={G. Salicrup, R. Vazquez},
  journal={Anales d'Instituto de Matematicas},
  volume={12},
  pages={47--87},
  year={1972}
}
@article{strecker--1974,
  title={Component properties and factorizations},
  author={G. E. Strecker},
  journal={Mathematical Centre Tracts},
  volume={52},
  pages={123--140},
  year={1974}
}
