@misc{hovey2007cotorsionpairsmodelcategories,
      title={Cotorsion pairs and model categories}, 
      author={Mark Hovey},
      year={2007},
      eprint={math/0701161},
      archivePrefix={arXiv},
      primaryClass={math.AT},
      url={https://arxiv.org/abs/math/0701161}, 
}
@misc{becerril2019relativegorensteinobjectsabelian,
      title={Relative Gorenstein objects in abelian categories}, 
      author={Victor Becerril and Octavio Mendoza and Valente Santiago},
      year={2019},
      eprint={1810.08524},
      archivePrefix={arXiv},
      primaryClass={math.RA},
      url={https://arxiv.org/abs/1810.08524}, 
}
@misc{estrada2025gorensteincategoriesrelativegadmissible,
      title={Gorenstein categories relative to G-admissible triples}, 
      author={Sergio Estrada and Octavio Mendoza and Marco A. PÃ©rez},
      year={2025},
      eprint={2502.12439},
      archivePrefix={arXiv},
      primaryClass={math.CT},
      url={https://arxiv.org/abs/2502.12439}, 
}