@book{Adamek-Herrlich-Strecker:2009,
  title={Abstract and Concrete Categories: The Joy of Cats},
  author={Adamek, J. and Herrlich, H. and Strecker, G.E.},
  isbn={9780486469348},
  lccn={2009010561},
  series={Dover books on advanced mathematics},
  url={https://books.google.co.jp/books?id=rqT4PgAACAAJ},
  year={2009},
  publisher={Dover Publications}
}

@misc{yotsunva:2024:intro,
  author = {yotsunva},
  title = {構成的集合論入門},
  year = {2024},
  howpublished = "\url{https://drive.google.com/file/d/1brh3kyAK42r4-CiJ8dHCCr_1md088OO0/view}",
  note = {(2025年3月24日アクセス)}
}