@book{Adamek-Herrlich-Strecker:2009,
  title={Abstract and Concrete Categories: The Joy of Cats},
  author={Adamek, J. and Herrlich, H. and Strecker, G.E.},
  isbn={9780486469348},
  lccn={2009010561},
  series={Dover books on advanced mathematics},
  url={https://books.google.co.jp/books?id=rqT4PgAACAAJ},
  year={2009},
  publisher={Dover Publications}
}